
@book{PierceSF:LF2024,
  author    = {Benjamin C. Pierce and Chris Casinghino and Michael Greenberg and Vilhelm Sj{\"o}berg and Brent Yorgey},
  title     = {Logical Foundations},
  series    = {Software Foundations},
  volume    = {1},
  year      = {2024},
  month     = {January},
  edition   = {Version 6.4},
  publisher = {Electronic textbook}
}